@book{gujarati,
  title={Econometria B{\'a}sica-5},
  author={Gujarati, Damodar N and Porter, Dawn C},
  year={2011},
  publisher={Amgh Editora}
}
@book{wooldridge,
  title={Introductory econometrics: A modern approach},
  author={Wooldridge, Jeffrey M},
  year={2016},
  publisher={Nelson Education}
}