@article{rossetti98,
  title   = {Economia monet{\'a}ria},
  author  = {ROSSETTI, Jos{\'e} Pascoal and LOPES, Jo{\~a}o do Carmo},
  journal = {Atlas, S{\~a}o Paulo, 4{\textordmasculine} edi{\c{c}}{\~a}o, l987},
  year    = {1998}
}