@book{gujarati,
  title={Econometria Básica},
  author={Gujarati, Damodar N and Porter, Dawn C},
  year={2011},
  publisher={Amgh Editora}
}
@book{wooldridge,
  title={Introductory econometrics: A modern approach},
  author={Wooldridge, Jeffrey M},
  year={2016},
  publisher={Nelson Education}
}
@book{magalhaes,
  title={Noções de probabilidade e estatística},
  author={Magalhães, Marcos Nascimento and de Lima, Antonio Carlos Pedroso},
  volume={5},
  year={2002},
  publisher={Editora da Universidade de S{\~a}o Paulo}
}