@book{boldrini,
  title     = {Álgebra linear},
  author    = {Boldrini, José Luiz and Costa, Sueli IR and Figueredo, VL and Wetzler, Henry G},
  year      = {1980},
  publisher = {Harper \& Row}
}
@article{chiang1984,
  title     = {Fundamental methods of mathematical economics},
  author    = {Chiang, Alpha C},
  year      = {1984},
  publisher = {Aukland (New Zealand) McGraw-Hill}
}
@book{nicholson,
  title     = {Microeconomic theory: Basic principles and extensions},
  author    = {Nicholson, Walter and Snyder, Christopher M},
  year      = {2012},
  publisher = {Nelson Education}
}
 @book{simon,
  title     = {Mathematics for economists},
  author    = {Simon, Carl P and Blume, Lawrence and others},
  volume    = {7},
  year      = {1994},
  publisher = {Norton New York}
}
@book{stewart,
  title     = {Calculus: Concepts and contexts},
  author    = {Stewart, James},
  year      = {2009},
  publisher = {Cengage Learning}
}