@book{varian,
  title={Microeconomia-princípios básicos},
  author={Varian, Hal R},
  year={2006},
  publisher={Elsevier Brasil}
}
@book{nicholson,
  title={Microeconomic theory: Basic principles and extensions},
  author={Nicholson, Walter and Snyder, Christopher M},
  year={2012},
  publisher={Nelson Education}
}
@book{pindyck,
  title={Microeconomics},
  author={Pindyck, Robert S and Rubinfeld, Daniel L},
  year={2015},
  publisher={Boston: Pearson,}
}
@book{mas,
  title={Microeconomic theory},
  author={Mas-Colell, Andreu and Whinston, Michael Dennis and Green, Jerry R and others},
  volume={1},
  year={1995},
  publisher={Oxford university press New York}
}
@article{besanko,
  title={Microeconomics},
  author={Besanko, David A and Braeutigam, Ronald R and others},
  year={2018},
  publisher={John Wiley,}
}