@book{biderman,
  title={Economia do setor p{\'u}blico no Brasil},
  author={Biderman, Ciro and Arvate, Paulo Roberto},
  year={2004},
  publisher={Elsevier}
}
@book{rezende,
  title={Finan{\c{c}}as P{\'u}blicas .},
  author={Rezende, Fernando Antonio},
  year={2000},
  publisher={Editora Atlas SA}
}
@book{nicholson,
  title={Microeconomic theory: Basic principles and extensions},
  author={Nicholson, Walter and Snyder, Christopher M},
  year={2012},
  publisher={Nelson Education}
}