@book{blanchard,
  title={Macroeconomia.},
  author={Blanchard, Olivier},
  year={2011},
  publisher={S{\~a}o Paulo. Ed. Pearson}
}
@book{rudiger,
  title={Macroeconomia},
  author={RUDIGER, DORNBUSCH and STANLEY, FISCHER and RICHARD, STARTZ},
  year={2002},
  publisher={McGraw-Hill}
}
